@misc{example,
howpublished = {\url{}},
author = {Emmett Brown},
title = {The creation of the flux capacitor},
day={5},
month = {November},
year = {1955},
}
@article{gale_shapley_1962,
  title={College admissions and the stability of marriage},
  author={Gale, David and Shapley, Lloyd S},
  journal={The American Mathematical Monthly},
  volume={69},
  number={1},
  pages={9--15},
  year={1962},
  publisher={Taylor \& Francis}
}

@article{burdett1998two,
  title={Two-sided search with nontransferable utility},
  author={Burdett, Kenneth and Wright, Randall},
  journal={Review of Economic Dynamics},
  volume={1},
  number={1},
  pages={220--245},
  year={1998},
  publisher={Elsevier}
}
@article{DBLP:journals/corr/TysonPHS16,
  author    = {Gareth Tyson and
               Vasile Claudiu Perta and
               Hamed Haddadi and
               Michael C. Seto},
  title     = {A First Look at User Activity on Tinder},
  journal   = {CoRR},
  volume    = {abs/1607.01952},
  year      = {2016},
  url       = {http://arxiv.org/abs/1607.01952},
  eprinttype = {arXiv},
  eprint    = {1607.01952},
  timestamp = {Mon, 13 Aug 2018 16:45:58 +0200},
  biburl    = {https://dblp.org/rec/journals/corr/TysonPHS16.bib},
  bibsource = {dblp computer science bibliography, https://dblp.org}
}

@article{mekonnen2019random,
  title={Random versus Directed Search for Scarce Resources},
  author={Mekonnen, Teddy},
  journal={Available at SSRN 3275771},
  year={2019}
}

@article{roth_sotomayor_1992,
  title={Two-sided matching},
  author={Roth, Alvin E and Sotomayor, Marilda},
  journal={Handbook of game theory with economic applications},
  volume={1},
  pages={485--541},
  year={1992},
  publisher={Elsevier}
}

@article{leon2021bandit,
  title={Bandit Learning for Dynamic Colonel Blotto Game with a Budget Constraint},
  author={Leon, Vincent and Etesami, S Rasoul},
  journal={arXiv preprint arXiv:2103.12833},
  year={2021}
}

@article{abeliuk2019price,
  title={Price of anarchy in algorithmic matching of romantic partners},
  author={Abeliuk, Andr{\'e}s and Elbassioni, Khaled and Rahwan, Talal and Cebrian, Manuel and Rahwan, Iyad},
  journal={arXiv preprint arXiv:1901.03192},
  year={2019}
}

@article{olmeda2021towards,
  title={Towards a statistical physics of dating apps},
  author={Olmeda, Fabrizio},
  journal={arXiv preprint arXiv:2107.14076},
  year={2021}
}

@article{roth1990random,
  title={Random paths to stability in two-sided matching},
  author={Roth, Alvin E and Vate, John H Vande},
  journal={Econometrica: Journal of the Econometric Society},
  pages={1475--1480},
  year={1990},
  publisher={JSTOR}
}

@article{bellman1957markovian,
  title={A Markovian decision process},
  author={Bellman, Richard},
  journal={Journal of mathematics and mechanics},
  volume={6},
  number={5},
  pages={679--684},
  year={1957},
  publisher={JSTOR}
}

@article{aastrom1965optimal,
  title={Optimal control of Markov processes with incomplete state information I},
  author={{\AA}str{\"o}m, Karl Johan},
  journal={Journal of Mathematical Analysis and Applications},
  volume={10},
  pages={174--205},
  year={1965},
  publisher={Elsevier}
}

@article{jovanovic1988anonymous,
  title={Anonymous sequential games},
  author={Jovanovic, Boyan and Rosenthal, Robert W},
  journal={Journal of Mathematical Economics},
  volume={17},
  number={1},
  pages={77--87},
  year={1988},
  publisher={Elsevier}
}

@article{kanoria2021facilitating,
  title={Facilitating the search for partners on matching platforms},
  author={Kanoria, Yash and Saban, Daniela},
  journal={Management Science},
  year={2021},
  publisher={INFORMS}
}

@article{slivkins2019introduction,
  title={Introduction to multi-armed bandits},
  author={Slivkins, Aleksandrs},
  journal={arXiv preprint arXiv:1904.07272},
  year={2019}
}

@article{rothschild1974two,
  title={A two-armed bandit theory of market pricing},
  author={Rothschild, Michael},
  journal={Journal of Economic Theory},
  volume={9},
  number={2},
  pages={185--202},
  year={1974},
  publisher={Elsevier}
}
@article{shapley1953stochastic,
  title={Stochastic games},
  author={Shapley, Lloyd S},
  journal={Proceedings of the national academy of sciences},
  volume={39},
  number={10},
  pages={1095--1100},
  year={1953},
  publisher={National Acad Sciences}
}

@article{balseiro2015repeated,
  title={Repeated auctions with budgets in ad exchanges: Approximations and design},
  author={Balseiro, Santiago R and Besbes, Omar and Weintraub, Gabriel Y},
  journal={Management Science},
  volume={61},
  number={4},
  pages={864--884},
  year={2015},
  publisher={INFORMS}
}

@article{iyer2014mean,
  title={Mean field equilibria of dynamic auctions with learning},
  author={Iyer, Krishnamurthy and Johari, Ramesh and Sundararajan, Mukund},
  journal={Management Science},
  volume={60},
  number={12},
  pages={2949--2970},
  year={2014},
  publisher={INFORMS}
}
@article{gummadi2013optimal,
  title={Optimal bidding strategies and equilibria in dynamic auctions with budget constraints},
  author={Gummadi, Ramki and Key, Peter and Proutiere, Alexandre},
  journal={Available at SSRN 2066175},
  year={2013}
}

@article{hopenhayn1992entry,
  title={Entry, exit, and firm dynamics in long run equilibrium},
  author={Hopenhayn, Hugo A},
  journal={Econometrica: Journal of the Econometric Society},
  pages={1127--1150},
  year={1992},
  publisher={JSTOR}
}

@article{weintraub2008markov,
  title={Markov perfect industry dynamics with many firms},
  author={Weintraub, Gabriel Y and Benkard, C Lanier and Van Roy, Benjamin},
  journal={Econometrica},
  volume={76},
  number={6},
  pages={1375--1411},
  year={2008},
  publisher={Wiley Online Library}
}

@article{dimitri1995dynamic,
  title={Dynamic programming and optimal control},
  author={Dimitri, P Bertsekas and others},
  journal={Athena Scientific},
  year={1995}
}

@article{rust1987optimal,
  title={Optimal replacement of GMC bus engines: An empirical model of Harold Zurcher},
  author={Rust, John},
  journal={Econometrica: Journal of the Econometric Society},
  pages={999--1033},
  year={1987},
  publisher={JSTOR}
}

@book{bellman2015applied,
  title={Applied dynamic programming},
  author={Bellman, Richard E and Dreyfus, Stuart E},
  year={2015},
  publisher={Princeton university press}
}
@article{aviv2005partially,
  title={A partially observed Markov decision process for dynamic pricing},
  author={Aviv, Yossi and Pazgal, Amit},
  journal={Management science},
  volume={51},
  number={9},
  pages={1400--1416},
  year={2005},
  publisher={INFORMS}
}

@techreport{banerjee2019efficient,
  title={The efficient deployment of police resources: theory and new evidence from a randomized drunk driving crackdown in India},
  author={Banerjee, Abhijit and Duflo, Esther and Keniston, Daniel and Singh, Nina},
  year={2019},
  institution={National Bureau of Economic Research}
}

@book{fudenberg1998theory,
  title={The theory of learning in games},
  author={Fudenberg, Drew and Drew, Fudenberg and Levine, David K and Levine, David K},
  volume={2},
  year={1998},
  publisher={MIT press}
}

@inproceedings{shuvo2020markov,
  title={A markov decision process model for socio-economic systems impacted by climate change},
  author={Shuvo, Salman Sadiq and Yilmaz, Yasin and Bush, Alan and Hafen, Mark},
  booktitle={International Conference on Machine Learning},
  pages={8872--8883},
  year={2020},
  organization={PMLR}
}

@inproceedings{calderone2017markov,
  title={Markov decision process routing games},
  author={Calderone, Dan and Sastry, S Shankar},
  booktitle={2017 ACM/IEEE 8th International Conference on Cyber-Physical Systems (ICCPS)},
  pages={273--280},
  year={2017},
  organization={IEEE}
}

@book{neyman2003stochastic,
  title={Stochastic games and applications},
  author={Neyman, Abraham and Sorin, Sylvain and Sorin, S},
  volume={570},
  year={2003},
  publisher={Springer Science \& Business Media}
}

@article{kets2020not,
  title={How (Not) to Eat a Hot Potato},
  author={Kets, Willemien and Kager, Wouter and Sandroni, Alvaro},
  journal={Available at SSRN 3796191},
  year={2020}
}

@article{brown1951iterative,
  title={Iterative solution of games by fictitious play},
  author={Brown, George W},
  journal={Activity analysis of production and allocation},
  volume={13},
  number={1},
  pages={374--376},
  year={1951},
  publisher={New York}
}

@article{coles2013preference,
  title={Preference signaling in matching markets},
  author={Coles, Peter and Kushnir, Alexey and Niederle, Muriel},
  journal={American Economic Journal: Microeconomics},
  volume={5},
  number={2},
  pages={99--134},
  year={2013}
}

@article{maskin2001markov,
  title={Markov perfect equilibrium: I. Observable actions},
  author={Maskin, Eric and Tirole, Jean},
  journal={Journal of Economic Theory},
  volume={100},
  number={2},
  pages={191--219},
  year={2001},
  publisher={Elsevier}
}

@article{weintraub2005oblivious,
  title={Oblivious equilibrium: A mean field approximation for large-scale dynamic games},
  author={Weintraub, Gabriel Y and Benkard, Lanier and Van Roy, Benjamin},
  journal={Advances in neural information processing systems},
  volume={18},
  pages={1489--1496},
  year={2005}
}

@article{light2021mean,
  title={Mean field equilibrium: uniqueness, existence, and comparative statics},
  author={Light, Bar and Weintraub, Gabriel Y},
  journal={Operations Research},
  year={2021},
  publisher={INFORMS}
}

@article{aumann1976agreeing,
  title={Agreeing to disagree},
  author={Aumann, Robert J},
  journal={The annals of statistics},
  volume={4},
  number={6},
  pages={1236--1239},
  year={1976},
  publisher={Institute of Mathematical Statistics}
}
@article{coles2013preference,
  title={Preference signaling in matching markets},
  author={Coles, Peter and Kushnir, Alexey and Niederle, Muriel},
  journal={American Economic Journal: Microeconomics},
  volume={5},
  number={2},
  pages={99--134},
  year={2013}
}

@inproceedings{hitsch2005makes,
  title={What makes you click: An empirical analysis of online dating},
  author={Hitsch, G{\"u}nter J and Horta{\c{c}}su, Ali and Ariely, Dan},
  booktitle={2005 Meeting Papers},
  volume={207},
  pages={1--51},
  year={2005},
  organization={Society for Economic Dynamics Minneapolis, MN}
}

@article{adachi2003search,
  title={A search model of two-sided matching under nontransferable utility},
  author={Adachi, Hiroyuki},
  journal={Journal of Economic Theory},
  volume={113},
  number={2},
  pages={182--198},
  year={2003},
  publisher={Elsevier}
}

@book{elo1978rating,
  title={The rating of chessplayers, past and present},
  author={Elo, Arpad E},
  year={1978},
  publisher={Arco Pub.}
}

@inproceedings{emery2004approximate,
  title={Approximate solutions for partially observable stochastic games with common payoffs},
  author={Emery-Montemerlo, Rosemary and Gordon, Geoff and Schneider, Jeff and Thrun, Sebastian},
  booktitle={Proceedings of the Third International Joint Conference on Autonomous Agents and Multiagent Systems, 2004. AAMAS 2004.},
  pages={136--143},
  year={2004},
  organization={IEEE}
}
@inproceedings{badanidiyuru2013bandits,
  title={Bandits with knapsacks},
  author={Badanidiyuru, Ashwinkumar and Kleinberg, Robert and Slivkins, Aleksandrs},
  booktitle={2013 IEEE 54th Annual Symposium on Foundations of Computer Science},
  pages={207--216},
  year={2013},
  organization={IEEE}
}